@inproceedings{chamberlain04zpl,
  Author = {Bradford L. Chamberlain and Sung-Eun Choi and Steven J. Deitz and Lawrence Snyder},
  Booktitle = {{Proceedings of the IEEE International Workshop on Productivity and Performance in High-End Computing}},
  Title = {{The High-Level Parallel Language ZPL Improves Productivity and Performance}},
  Year = {2004}
}

