
@ARTICLE{Numrich98co-arrayfortran,
    author = {Robert W. Numrich and John Reid},
    title = {Co-Array Fortran for parallel programming},
    journal = {ACM FORTRAN FORUM},
    year = {1998},
    volume = {17},
    number = {2},
    pages = {1--31}
}