@inproceedings{keller10repa,
  author = {Gabriele Keller and Manuel M. T. Chakravarty and Roman Leshchinskiy and Simon Peyton Jones and Ben Lippmeier},
  title = {{Regular, shape-polymorphic, parallel arrays in Haskell}},
  booktitle = {Proceedings of ICFP 2010: The 15th ACM SIGPLAN International Conference on Functional Programming},
  year = 2010 
}

@article{wolfe08gpgpu,
  author = {Michael Wolfe},
  title = {{How We Should Program GPGPUs}},
  journal = {Linux Journal},
  year = 2008,
  month = November
}

@article{chamberlain_chapel,
  author = {Bradford L. Chamberlain and David Callahan and Hans P. Zima},
  title = {{Parallel Programmability and the Chapel Language}},
  journal = {{International Journal of High Performance Computing Applications}},
  month = August,
  year = 2007,
  volume = 21,
  number = 3,
  pages = "291--312"
}

@article{hpcwire11manycore,
  author = {Michael Feldman},
  title = {Intel Touts Manycore Coprocessor at Supercomputing Conference},
  journal = "HPC-Wire",
  month = June,
  day = 20,
  year = 2011
}

@techreport{stencil-compiler,
  author = {Ralph G. Brickner and Kathy Holian and Balaji Thiagarajan and S. Lennart Johnsson},
  title = {Designing a stencil compiler for the Connection Machine model {CM}-5},
  institution = {LANL},
  year = 1994,
  number = {LA-UR-94-3152}
}

@book{koelbel94hpf,
  Author = {Charles H. Koelbel and David B. Loveman and Robert S. Schreiber and Guy L. Steele and Mary E. Zosel},
  Title = {The High Performance Fortran Handbook},
  publisher = {{The MIT Press}},
  year = 1994
}

@inproceedings{chamberlain04zpl,
  Author = {Bradford L. Chamberlain and Sung-Eun Choi and Steven J. Deitz and Lawrence Snyder},
  Booktitle = {{Proceedings of the IEEE International Workshop on Productivity and Performance in High-End Computing}},
  Title = {{The High-Level Parallel Language ZPL Improves Productivity and Performance}},
  Year = {2004}
}

@techreport{pgi10accelerator,
  Author = {{The Portland Group}},
  Title = {{PGI Fortran \& C Accelerator Programming Model}},
  Year = {2010},
  Month = {March},
  URL = {http://www.pgroup.com/resources/articles.htm}
}

@inproceedings{roth97stencils,
  Author = {Gerald Roth and John Mellor-Crummey and Ken Kennedy and R. Gregg Brickner},
  Booktitle = {{Proceedings of SC'97: High Performance Networking and Computing}},
  Year = {1997},
  Title = {{Compiling Stencils in High Performance Fortran}}
}

@article{iverson79apl,
  title = {{APL language summary}},
  author = {A. D. Falkoff and K. E. Iverson},
  journal = {{SIGPLAN Notices}},
  volume = 14,
  number = 4,
  year = 1979
}

@article{basili08hpc,
	Author = {Victor R. Basili and Daniela Cruzes and Jeffrey C. Carver and Lorin M. Hochstein
                  and Jeffrey K. Hollingsworth and Marvin V. Zelkowitz and Forrest Shull},
	Journal = {{IEEE Software}},
	Month = {July/August},
	Title = {{Understanding the High-Performance Computing Community: A Software Engineer's Perspective}},
	Year = {2008}
}

@article{blelloch90,
	Author = {G. Blelloch and G. W. Sabot},
	Journal = {Journal of Parallel and Distributed Computing},
	Month = {Feb},
	Number = {2},
	Title = {{Compiling collection oriented languages onto massively parallel processors}},
	Volume = {8},
	Year = {1990}
}

@techreport{rajopadhyedidlacs,
	Author = {Sanjay Rajopadhye},
	Number = {RR-2093},
	Pages = {36 p.},
	Title = {{LACS}: a language for affine communication structures},
	Url = {citeseer.ist.psu.edu/321494.html}
}

%% inria-00074579, version 1
%% http://hal.inria.fr/inria-00074579/en/
@techreport{rajopadhye93,
    HAL_ID = {inria-00074579},
    URL = {http://hal.inria.fr/inria-00074579/en/},
    title = { {LACS}: a language for affine communication structures},
    author = {{R}ajopadhye, {S}anjay},
    language = {{E}nglish},
    affiliation = {{API} - {IRISA} - {CNRS} : {UMR}6074 - {INRIA} - {I}nstitut {N}ational des {S}ciences {A}ppliqu{\'e}es de {R}ennes - {U}niversit{\'e} de {R}ennes {I} },
    type = {{R}esearch {R}eport},
    institution = {INRIA},
    number = {{RR}-2093},
    year = {1993},
    URL = {http://hal.inria.fr/inria-00074579/PDF/RR-2093.pdf},
}
                 

@TECHREPORT{Programme93lacs:a,
    author = {Sanjay Rajopadhye Programme and Sanjay Rajopadhye and Sanjay Rajopadhye},
    title = {LACS: A Language for Affine Communication Structures},
    institution = {Pure Appl Chem 48:471},
    year = {1993}
}


@misc{Levesque:SC08,
	Author = {J. Levesque},
	Howpublished = {Panel Discussion, SuperComputing 2008, Reno, Nevada},
	Month = {15 November},
	Title = {{Fifty Years of Fortran}},
	Year = {2008}
}

@manual{opencl08,
  author = {{Khronos OpenCL Working Group}},
  interhash = {523238fb8572f0681867457896fdda6b},
  intrahash = {f27b3794b8bb531800e71e0c1bad328f},
  title = {The OpenCL Specification, version 1.0.29},
  url = {http://khronos.org/registry/cl/specs/opencl-1.0.29.pdf},
  year = 2008,
  timestamp = {2009.03.08},
  keywords = {imported},
  added-at = {2009-09-10T14:36:22.000+0200},
  owner = {gregor},
  biburl = {http://www.bibsonomy.org/bibtex/2f27b3794b8bb531800e71e0c1bad328f/gregoryy},
  month = {8 December}
}

@unpublished{ofp:sf,
	Author = {C. Rasmussen and M. Sottile},
        Title = {{Open Fortran Parser}},
	URL = {http://fortran-parser.sourceforge.net/}
}

@unpublished{rose-web,
	Author = {D. Quinlan},
        Title = {{ROSE Compiler Infrastructure}},
	URL = {http://rosecompiler.org/}
}

@TECHREPORT{Robey07,
    author = {R. W. Robey and R. Roberts and C. Moler},
    title = {Secrets of Supercomputing: The Conservation Laws, Supercomputing Challenge Kickoff},
    affiliation = {{L}os {A}lomos {N}ational {L}aboratory},
    type = {{R}esearch {R}eport},
    institution = {LANL},
    number = {{LA-UR}-07-6793},
    year = {2007}
}

@book{Leveque02,
  Author = {Randall J. Le{V}eque},
  Title = {Finite Volume Methods for Hyperbolic Problems},
  publisher = {{Cambridge Texts in Applied Mathematics}},
  year = 2002
}
